@article{nager2016case,
  title={The case for improving computer science education},
  author={Nager, A and Atkinson, R},
  journal={Information Technology \& Innovation Foundation},
  pages={1--38},
  year={2016}
}

@ARTICLE{6155645, 
author={C. Severance}, 
journal={Computer}, 
title={JavaScript: Designing a Language in 10 Days}, 
year={2012}, 
volume={45}, 
number={2}, 
pages={7-8}, 
keywords={Browsers;Computer languages;HTML;Java;Servers;Software engineering;Brendan Eich;HTML;JavaScript}, 
doi={10.1109/MC.2012.57}, 
ISSN={0018-9162}, 
month={Feb},}

@Inbook{Gackenheimer2015,
author="Gackenheimer, Cory",
title="What Is React?",
bookTitle="Introduction to React",
year="2015",
publisher="Apress",
address="Berkeley, CA",
pages="1--20",
isbn="978-1-4842-1245-5",
doi="10.1007/978-1-4842-1245-5_1",
url="http://dx.doi.org/10.1007/978-1-4842-1245-5_1"
}

@online{pegjs,
author="David Maida",
title="PEG.js online documentation",
url={http://pegjs.org/documentation},
year=2016
}

@online{estree,
author="The ESTree Spec Maintainers",
title="The ESTree Spec",
url={https://github.com/estree/estree},
year=2017
}